[gd_scene load_steps=32 format=2]

[ext_resource path="res://Enemies sprites/Mobs-20231018T130336Z-001/Mobs/Level 1/Cave Mobs/Flying eye/Death.png" type="Texture" id=1]
[ext_resource path="res://Enemies sprites/Mobs-20231018T130336Z-001/Mobs/Level 1/Cave Mobs/Flying eye/Attack.png" type="Texture" id=2]
[ext_resource path="res://Enemies sprites/Mobs-20231018T130336Z-001/Mobs/Level 1/Cave Mobs/Flying eye/Take Hit.png" type="Texture" id=3]
[ext_resource path="res://Enemies sprites/Mobs-20231018T130336Z-001/Mobs/Level 1/Cave Mobs/Flying eye/Flight.png" type="Texture" id=4]
[ext_resource path="res://STAGES/1st stage/level 1/1st stage enemies/normal enemies/Normal enemies GD/Flying_eye.gd" type="Script" id=5]

[sub_resource type="AtlasTexture" id=1]
flags = 4
atlas = ExtResource( 2 )
region = Rect2( 0, 0, 150, 150 )

[sub_resource type="AtlasTexture" id=2]
flags = 4
atlas = ExtResource( 2 )
region = Rect2( 150, 0, 150, 150 )

[sub_resource type="AtlasTexture" id=3]
flags = 4
atlas = ExtResource( 2 )
region = Rect2( 300, 0, 150, 150 )

[sub_resource type="AtlasTexture" id=4]
flags = 4
atlas = ExtResource( 2 )
region = Rect2( 450, 0, 150, 150 )

[sub_resource type="AtlasTexture" id=5]
flags = 4
atlas = ExtResource( 2 )
region = Rect2( 600, 0, 150, 150 )

[sub_resource type="AtlasTexture" id=6]
flags = 4
atlas = ExtResource( 2 )
region = Rect2( 750, 0, 150, 150 )

[sub_resource type="AtlasTexture" id=7]
flags = 4
atlas = ExtResource( 2 )
region = Rect2( 900, 0, 150, 150 )

[sub_resource type="AtlasTexture" id=8]
flags = 4
atlas = ExtResource( 2 )
region = Rect2( 1050, 0, 150, 150 )

[sub_resource type="AtlasTexture" id=9]
flags = 4
atlas = ExtResource( 1 )
region = Rect2( 0, 0, 150, 150 )

[sub_resource type="AtlasTexture" id=10]
flags = 4
atlas = ExtResource( 1 )
region = Rect2( 150, 0, 150, 150 )

[sub_resource type="AtlasTexture" id=11]
flags = 4
atlas = ExtResource( 1 )
region = Rect2( 300, 0, 150, 150 )

[sub_resource type="AtlasTexture" id=12]
flags = 4
atlas = ExtResource( 1 )
region = Rect2( 450, 0, 150, 150 )

[sub_resource type="AtlasTexture" id=13]
flags = 4
atlas = ExtResource( 4 )
region = Rect2( 0, 0, 150, 150 )

[sub_resource type="AtlasTexture" id=14]
flags = 4
atlas = ExtResource( 4 )
region = Rect2( 150, 0, 150, 150 )

[sub_resource type="AtlasTexture" id=15]
flags = 4
atlas = ExtResource( 4 )
region = Rect2( 300, 0, 150, 150 )

[sub_resource type="AtlasTexture" id=16]
flags = 4
atlas = ExtResource( 4 )
region = Rect2( 450, 0, 150, 150 )

[sub_resource type="AtlasTexture" id=17]
flags = 4
atlas = ExtResource( 4 )
region = Rect2( 600, 0, 150, 150 )

[sub_resource type="AtlasTexture" id=18]
flags = 4
atlas = ExtResource( 4 )
region = Rect2( 750, 0, 150, 150 )

[sub_resource type="AtlasTexture" id=19]
flags = 4
atlas = ExtResource( 4 )
region = Rect2( 900, 0, 150, 150 )

[sub_resource type="AtlasTexture" id=20]
flags = 4
atlas = ExtResource( 4 )
region = Rect2( 1050, 0, 150, 150 )

[sub_resource type="AtlasTexture" id=21]
flags = 4
atlas = ExtResource( 3 )
region = Rect2( 0, 0, 150, 150 )

[sub_resource type="AtlasTexture" id=22]
flags = 4
atlas = ExtResource( 3 )
region = Rect2( 150, 0, 150, 150 )

[sub_resource type="AtlasTexture" id=23]
flags = 4
atlas = ExtResource( 3 )
region = Rect2( 300, 0, 150, 150 )

[sub_resource type="AtlasTexture" id=24]
flags = 4
atlas = ExtResource( 3 )
region = Rect2( 450, 0, 150, 150 )

[sub_resource type="SpriteFrames" id=25]
animations = [ {
"frames": [ SubResource( 1 ), SubResource( 2 ), SubResource( 3 ), SubResource( 4 ), SubResource( 5 ), SubResource( 6 ), SubResource( 7 ), SubResource( 8 ) ],
"loop": true,
"name": "attack",
"speed": 5.0
}, {
"frames": [ SubResource( 9 ), SubResource( 10 ), SubResource( 11 ), SubResource( 12 ) ],
"loop": true,
"name": "death",
"speed": 5.0
}, {
"frames": [ SubResource( 13 ), SubResource( 14 ), SubResource( 15 ), SubResource( 16 ), SubResource( 17 ), SubResource( 18 ), SubResource( 19 ), SubResource( 20 ) ],
"loop": true,
"name": "flight",
"speed": 5.0
}, {
"frames": [ SubResource( 21 ), SubResource( 22 ), SubResource( 23 ), SubResource( 24 ) ],
"loop": true,
"name": "take_hit",
"speed": 5.0
} ]

[sub_resource type="CircleShape2D" id=26]
radius = 17.0294

[node name="Flying_eye" type="KinematicBody2D"]
script = ExtResource( 5 )

[node name="AnimatedSprite" type="AnimatedSprite" parent="."]
position = Vector2( -4, 0 )
frames = SubResource( 25 )
animation = "flight"
frame = 7
playing = true

[node name="CollisionShape2D" type="CollisionShape2D" parent="."]
shape = SubResource( 26 )
