[gd_scene load_steps=38 format=2]

[ext_resource path="res://STAGES/1st stage/level 1/1st stage enemies/normal enemies/Normal enemies GD/Goblin.gd" type="Script" id=1]
[ext_resource path="res://Enemies sprites/Mobs-20231018T130336Z-001/Goblin/Attack.png" type="Texture" id=2]
[ext_resource path="res://Enemies sprites/Mobs-20231018T130336Z-001/Goblin/Take Hit.png" type="Texture" id=3]
[ext_resource path="res://Enemies sprites/Mobs-20231018T130336Z-001/Goblin/Run.png" type="Texture" id=4]
[ext_resource path="res://Enemies sprites/Mobs-20231018T130336Z-001/Goblin/Death.png" type="Texture" id=5]
[ext_resource path="res://Enemies sprites/Mobs-20231018T130336Z-001/Goblin/Idle.png" type="Texture" id=6]

[sub_resource type="AtlasTexture" id=1]
atlas = ExtResource( 2 )
region = Rect2( 0, 0, 150, 150 )

[sub_resource type="AtlasTexture" id=2]
atlas = ExtResource( 2 )
region = Rect2( 150, 0, 150, 150 )

[sub_resource type="AtlasTexture" id=3]
atlas = ExtResource( 2 )
region = Rect2( 300, 0, 150, 150 )

[sub_resource type="AtlasTexture" id=4]
atlas = ExtResource( 2 )
region = Rect2( 450, 0, 150, 150 )

[sub_resource type="AtlasTexture" id=5]
atlas = ExtResource( 2 )
region = Rect2( 600, 0, 150, 150 )

[sub_resource type="AtlasTexture" id=6]
atlas = ExtResource( 2 )
region = Rect2( 750, 0, 150, 150 )

[sub_resource type="AtlasTexture" id=7]
atlas = ExtResource( 2 )
region = Rect2( 900, 0, 150, 150 )

[sub_resource type="AtlasTexture" id=8]
atlas = ExtResource( 2 )
region = Rect2( 1050, 0, 150, 150 )

[sub_resource type="AtlasTexture" id=9]
atlas = ExtResource( 5 )
region = Rect2( 0, 0, 150, 150 )

[sub_resource type="AtlasTexture" id=10]
atlas = ExtResource( 5 )
region = Rect2( 150, 0, 150, 150 )

[sub_resource type="AtlasTexture" id=11]
atlas = ExtResource( 5 )
region = Rect2( 300, 0, 150, 150 )

[sub_resource type="AtlasTexture" id=12]
atlas = ExtResource( 5 )
region = Rect2( 450, 0, 150, 150 )

[sub_resource type="AtlasTexture" id=13]
atlas = ExtResource( 6 )
region = Rect2( 0, 0, 150, 150 )

[sub_resource type="AtlasTexture" id=14]
atlas = ExtResource( 6 )
region = Rect2( 150, 0, 150, 150 )

[sub_resource type="AtlasTexture" id=15]
atlas = ExtResource( 6 )
region = Rect2( 300, 0, 150, 150 )

[sub_resource type="AtlasTexture" id=16]
atlas = ExtResource( 6 )
region = Rect2( 450, 0, 150, 150 )

[sub_resource type="AtlasTexture" id=17]
atlas = ExtResource( 4 )
region = Rect2( 0, 0, 150, 150 )

[sub_resource type="AtlasTexture" id=18]
atlas = ExtResource( 4 )
region = Rect2( 150, 0, 150, 150 )

[sub_resource type="AtlasTexture" id=19]
atlas = ExtResource( 4 )
region = Rect2( 300, 0, 150, 150 )

[sub_resource type="AtlasTexture" id=20]
atlas = ExtResource( 4 )
region = Rect2( 450, 0, 150, 150 )

[sub_resource type="AtlasTexture" id=21]
atlas = ExtResource( 4 )
region = Rect2( 600, 0, 150, 150 )

[sub_resource type="AtlasTexture" id=22]
atlas = ExtResource( 4 )
region = Rect2( 750, 0, 150, 150 )

[sub_resource type="AtlasTexture" id=23]
atlas = ExtResource( 4 )
region = Rect2( 900, 0, 150, 150 )

[sub_resource type="AtlasTexture" id=24]
atlas = ExtResource( 4 )
region = Rect2( 1050, 0, 150, 150 )

[sub_resource type="AtlasTexture" id=25]
atlas = ExtResource( 3 )
region = Rect2( 0, 0, 150, 150 )

[sub_resource type="AtlasTexture" id=26]
atlas = ExtResource( 3 )
region = Rect2( 150, 0, 150, 150 )

[sub_resource type="AtlasTexture" id=27]
atlas = ExtResource( 3 )
region = Rect2( 300, 0, 150, 150 )

[sub_resource type="AtlasTexture" id=28]
atlas = ExtResource( 3 )
region = Rect2( 450, 0, 150, 150 )

[sub_resource type="SpriteFrames" id=29]
animations = [ {
"frames": [ SubResource( 1 ), SubResource( 2 ), SubResource( 3 ), SubResource( 4 ), SubResource( 5 ), SubResource( 6 ), SubResource( 7 ), SubResource( 8 ) ],
"loop": false,
"name": "Attack",
"speed": 5.0
}, {
"frames": [ SubResource( 9 ), SubResource( 10 ), SubResource( 11 ), SubResource( 12 ) ],
"loop": false,
"name": "Death",
"speed": 12.0
}, {
"frames": [ SubResource( 13 ), SubResource( 14 ), SubResource( 15 ), SubResource( 16 ) ],
"loop": false,
"name": "Idle",
"speed": 12.0
}, {
"frames": [ SubResource( 17 ), SubResource( 18 ), SubResource( 19 ), SubResource( 20 ), SubResource( 21 ), SubResource( 22 ), SubResource( 23 ), SubResource( 24 ) ],
"loop": true,
"name": "Run",
"speed": 12.0
}, {
"frames": [ SubResource( 25 ), SubResource( 26 ), SubResource( 27 ), SubResource( 28 ) ],
"loop": false,
"name": "Take_hit",
"speed": 12.0
} ]

[sub_resource type="RectangleShape2D" id=30]
extents = Vector2( 26.6667, 25.1388 )

[sub_resource type="RectangleShape2D" id=31]
extents = Vector2( 13, 4.5 )

[node name="Goblin" type="KinematicBody2D"]
script = ExtResource( 1 )

[node name="AnimatedSprite" type="AnimatedSprite" parent="."]
position = Vector2( 0, -8 )
frames = SubResource( 29 )
animation = "Idle"

[node name="CollisionShape2D" type="CollisionShape2D" parent="."]
position = Vector2( -5.72205e-07, 0.84301 )
scale = Vector2( 0.6, 0.68 )
shape = SubResource( 30 )

[node name="RayCast2D" type="RayCast2D" parent="."]
position = Vector2( 16, 0 )
enabled = true
cast_to = Vector2( 0, 25 )
collision_mask = 32

[node name="PlayerDetector" type="Area2D" parent="."]
position = Vector2( 32, 0 )

[node name="CollisionShape2D" type="CollisionShape2D" parent="PlayerDetector"]
position = Vector2( -3, 0 )
shape = SubResource( 31 )

[node name="Attacking" type="Area2D" parent="."]
position = Vector2( 32, 0 )
monitoring = false
monitorable = false

[node name="CollisionShape2D" type="CollisionShape2D" parent="Attacking"]
position = Vector2( -61, 0 )
shape = SubResource( 31 )
