[gd_scene load_steps=58 format=2]

[ext_resource path="res://Enemies sprites/Mobs-20231018T130336Z-001/Mobs/Level 2/Medieval Warrior/Medieval Warrior Pack 3/Sprites/Get Hit.png" type="Texture" id=1]
[ext_resource path="res://Enemies sprites/Mobs-20231018T130336Z-001/Mobs/Level 2/Medieval Warrior/Medieval Warrior Pack 3/Sprites/Idle.png" type="Texture" id=2]
[ext_resource path="res://Enemies sprites/Mobs-20231018T130336Z-001/Mobs/Level 2/Medieval Warrior/Medieval Warrior Pack 3/Sprites/Attack2.png" type="Texture" id=3]
[ext_resource path="res://Enemies sprites/Mobs-20231018T130336Z-001/Mobs/Level 2/Medieval Warrior/Medieval Warrior Pack 3/Sprites/Run.png" type="Texture" id=4]
[ext_resource path="res://Enemies sprites/Mobs-20231018T130336Z-001/Mobs/Level 2/Medieval Warrior/Medieval Warrior Pack 3/Sprites/Attack1.png" type="Texture" id=5]
[ext_resource path="res://Enemies sprites/Mobs-20231018T130336Z-001/Mobs/Level 2/Medieval Warrior/Medieval Warrior Pack 3/Sprites/Fall.png" type="Texture" id=6]
[ext_resource path="res://Enemies sprites/Mobs-20231018T130336Z-001/Mobs/Level 2/Medieval Warrior/Medieval Warrior Pack 3/Sprites/Jump.png" type="Texture" id=7]
[ext_resource path="res://Enemies sprites/Mobs-20231018T130336Z-001/Mobs/Level 2/Medieval Warrior/Medieval Warrior Pack 3/Sprites/Death.png" type="Texture" id=8]
[ext_resource path="res://Enemies sprites/Mobs-20231018T130336Z-001/Mobs/Level 2/Medieval Warrior/Medieval Warrior Pack 3/Sprites/Attack3.png" type="Texture" id=9]
[ext_resource path="res://STAGES/1st stage/level 1/1st stage enemies/normal enemies/Normal enemies GD/Medieval_warrior.gd" type="Script" id=10]

[sub_resource type="AtlasTexture" id=40]
flags = 4
atlas = ExtResource( 4 )
region = Rect2( 0, 0, 135, 135 )

[sub_resource type="AtlasTexture" id=41]
flags = 4
atlas = ExtResource( 4 )
region = Rect2( 135, 0, 135, 135 )

[sub_resource type="AtlasTexture" id=42]
flags = 4
atlas = ExtResource( 4 )
region = Rect2( 270, 0, 135, 135 )

[sub_resource type="AtlasTexture" id=43]
flags = 4
atlas = ExtResource( 4 )
region = Rect2( 405, 0, 135, 135 )

[sub_resource type="AtlasTexture" id=44]
flags = 4
atlas = ExtResource( 4 )
region = Rect2( 540, 0, 135, 135 )

[sub_resource type="AtlasTexture" id=45]
flags = 4
atlas = ExtResource( 4 )
region = Rect2( 675, 0, 135, 135 )

[sub_resource type="AtlasTexture" id=1]
flags = 4
atlas = ExtResource( 5 )
region = Rect2( 0, 0, 135, 135 )

[sub_resource type="AtlasTexture" id=2]
flags = 4
atlas = ExtResource( 5 )
region = Rect2( 135, 0, 135, 135 )

[sub_resource type="AtlasTexture" id=3]
flags = 4
atlas = ExtResource( 5 )
region = Rect2( 270, 0, 135, 135 )

[sub_resource type="AtlasTexture" id=4]
flags = 4
atlas = ExtResource( 5 )
region = Rect2( 405, 0, 135, 135 )

[sub_resource type="AtlasTexture" id=5]
flags = 4
atlas = ExtResource( 3 )
region = Rect2( 0, 0, 135, 135 )

[sub_resource type="AtlasTexture" id=6]
flags = 4
atlas = ExtResource( 3 )
region = Rect2( 135, 0, 135, 135 )

[sub_resource type="AtlasTexture" id=7]
flags = 4
atlas = ExtResource( 3 )
region = Rect2( 270, 0, 135, 135 )

[sub_resource type="AtlasTexture" id=8]
flags = 4
atlas = ExtResource( 3 )
region = Rect2( 405, 0, 135, 135 )

[sub_resource type="AtlasTexture" id=9]
flags = 4
atlas = ExtResource( 9 )
region = Rect2( 0, 0, 135, 135 )

[sub_resource type="AtlasTexture" id=10]
flags = 4
atlas = ExtResource( 9 )
region = Rect2( 135, 0, 135, 135 )

[sub_resource type="AtlasTexture" id=11]
flags = 4
atlas = ExtResource( 9 )
region = Rect2( 270, 0, 135, 135 )

[sub_resource type="AtlasTexture" id=12]
flags = 4
atlas = ExtResource( 9 )
region = Rect2( 405, 0, 135, 135 )

[sub_resource type="AtlasTexture" id=13]
flags = 4
atlas = ExtResource( 9 )
region = Rect2( 540, 0, 135, 135 )

[sub_resource type="AtlasTexture" id=14]
flags = 4
atlas = ExtResource( 8 )
region = Rect2( 0, 0, 135, 135 )

[sub_resource type="AtlasTexture" id=15]
flags = 4
atlas = ExtResource( 8 )
region = Rect2( 135, 0, 135, 135 )

[sub_resource type="AtlasTexture" id=16]
flags = 4
atlas = ExtResource( 8 )
region = Rect2( 270, 0, 135, 135 )

[sub_resource type="AtlasTexture" id=17]
flags = 4
atlas = ExtResource( 8 )
region = Rect2( 405, 0, 135, 135 )

[sub_resource type="AtlasTexture" id=18]
flags = 4
atlas = ExtResource( 8 )
region = Rect2( 540, 0, 135, 135 )

[sub_resource type="AtlasTexture" id=19]
flags = 4
atlas = ExtResource( 8 )
region = Rect2( 675, 0, 135, 135 )

[sub_resource type="AtlasTexture" id=20]
flags = 4
atlas = ExtResource( 8 )
region = Rect2( 810, 0, 135, 135 )

[sub_resource type="AtlasTexture" id=21]
flags = 4
atlas = ExtResource( 8 )
region = Rect2( 945, 0, 135, 135 )

[sub_resource type="AtlasTexture" id=22]
flags = 4
atlas = ExtResource( 8 )
region = Rect2( 1080, 0, 135, 135 )

[sub_resource type="AtlasTexture" id=23]
flags = 4
atlas = ExtResource( 6 )
region = Rect2( 0, 0, 135, 135 )

[sub_resource type="AtlasTexture" id=24]
flags = 4
atlas = ExtResource( 6 )
region = Rect2( 135, 0, 135, 135 )

[sub_resource type="AtlasTexture" id=25]
flags = 4
atlas = ExtResource( 1 )
region = Rect2( 0, 0, 135, 135 )

[sub_resource type="AtlasTexture" id=26]
flags = 4
atlas = ExtResource( 1 )
region = Rect2( 135, 0, 135, 135 )

[sub_resource type="AtlasTexture" id=27]
flags = 4
atlas = ExtResource( 1 )
region = Rect2( 270, 0, 135, 135 )

[sub_resource type="AtlasTexture" id=28]
atlas = ExtResource( 2 )
region = Rect2( 0, 0, 135, 135 )

[sub_resource type="AtlasTexture" id=29]
atlas = ExtResource( 2 )
region = Rect2( 135, 0, 135, 135 )

[sub_resource type="AtlasTexture" id=30]
atlas = ExtResource( 2 )
region = Rect2( 270, 0, 135, 135 )

[sub_resource type="AtlasTexture" id=31]
atlas = ExtResource( 2 )
region = Rect2( 405, 0, 135, 135 )

[sub_resource type="AtlasTexture" id=32]
atlas = ExtResource( 2 )
region = Rect2( 540, 0, 135, 135 )

[sub_resource type="AtlasTexture" id=33]
atlas = ExtResource( 2 )
region = Rect2( 675, 0, 135, 135 )

[sub_resource type="AtlasTexture" id=34]
atlas = ExtResource( 2 )
region = Rect2( 810, 0, 135, 135 )

[sub_resource type="AtlasTexture" id=35]
atlas = ExtResource( 2 )
region = Rect2( 945, 0, 135, 135 )

[sub_resource type="AtlasTexture" id=36]
atlas = ExtResource( 2 )
region = Rect2( 1080, 0, 135, 135 )

[sub_resource type="AtlasTexture" id=37]
atlas = ExtResource( 2 )
region = Rect2( 1215, 0, 135, 135 )

[sub_resource type="AtlasTexture" id=38]
flags = 4
atlas = ExtResource( 7 )
region = Rect2( 0, 0, 135, 135 )

[sub_resource type="AtlasTexture" id=39]
flags = 4
atlas = ExtResource( 7 )
region = Rect2( 135, 0, 135, 135 )

[sub_resource type="SpriteFrames" id=46]
animations = [ {
"frames": [ SubResource( 40 ), SubResource( 41 ), SubResource( 42 ), SubResource( 43 ), SubResource( 44 ), SubResource( 45 ) ],
"loop": true,
"name": "Run",
"speed": 5.0
}, {
"frames": [ SubResource( 1 ), SubResource( 2 ), SubResource( 3 ), SubResource( 4 ) ],
"loop": true,
"name": "attack1",
"speed": 5.0
}, {
"frames": [ SubResource( 5 ), SubResource( 6 ), SubResource( 7 ), SubResource( 8 ) ],
"loop": true,
"name": "attack2",
"speed": 5.0
}, {
"frames": [ SubResource( 9 ), SubResource( 10 ), SubResource( 11 ), SubResource( 12 ), SubResource( 13 ) ],
"loop": true,
"name": "attack3",
"speed": 5.0
}, {
"frames": [ SubResource( 14 ), SubResource( 15 ), SubResource( 16 ), SubResource( 17 ), SubResource( 18 ), SubResource( 19 ), SubResource( 20 ), SubResource( 21 ), SubResource( 22 ) ],
"loop": true,
"name": "death",
"speed": 5.0
}, {
"frames": [ SubResource( 23 ), SubResource( 24 ) ],
"loop": true,
"name": "fall",
"speed": 5.0
}, {
"frames": [ SubResource( 25 ), SubResource( 26 ), SubResource( 27 ) ],
"loop": true,
"name": "get_hit",
"speed": 5.0
}, {
"frames": [ SubResource( 28 ), SubResource( 29 ), SubResource( 30 ), SubResource( 31 ), SubResource( 32 ), SubResource( 33 ), SubResource( 34 ), SubResource( 35 ), SubResource( 36 ), SubResource( 37 ) ],
"loop": true,
"name": "idle",
"speed": 5.0
}, {
"frames": [ SubResource( 38 ), SubResource( 39 ) ],
"loop": true,
"name": "jump",
"speed": 5.0
} ]

[sub_resource type="RectangleShape2D" id=47]
extents = Vector2( 11.5, 18 )

[node name="Medieval_warrior" type="KinematicBody2D"]
script = ExtResource( 10 )

[node name="AnimatedSprite" type="AnimatedSprite" parent="."]
position = Vector2( 1, 2 )
frames = SubResource( 46 )
animation = "idle"
frame = 5
playing = true

[node name="CollisionShape2D" type="CollisionShape2D" parent="."]
position = Vector2( 1.5, 1 )
shape = SubResource( 47 )
