[gd_scene load_steps=59 format=2]

[ext_resource path="res://Enemies sprites/Mobs-20231018T130336Z-001/Mobs/Level 2/Last Boss/Medieval King Pack 2/Sprites/Attack1.png" type="Texture" id=1]
[ext_resource path="res://Enemies sprites/Mobs-20231018T130336Z-001/Mobs/Level 2/Last Boss/Medieval King Pack 2/Sprites/Take Hit - white silhouette.png" type="Texture" id=2]
[ext_resource path="res://Enemies sprites/Mobs-20231018T130336Z-001/Mobs/Level 2/Last Boss/Medieval King Pack 2/Sprites/Run.png" type="Texture" id=3]
[ext_resource path="res://Enemies sprites/Mobs-20231018T130336Z-001/Mobs/Level 2/Last Boss/Medieval King Pack 2/Sprites/Fall.png" type="Texture" id=4]
[ext_resource path="res://Enemies sprites/Mobs-20231018T130336Z-001/Mobs/Level 2/Last Boss/Medieval King Pack 2/Sprites/Idle.png" type="Texture" id=5]
[ext_resource path="res://Enemies sprites/Mobs-20231018T130336Z-001/Mobs/Level 2/Last Boss/Medieval King Pack 2/Sprites/Death.png" type="Texture" id=6]
[ext_resource path="res://Enemies sprites/Mobs-20231018T130336Z-001/Mobs/Level 2/Last Boss/Medieval King Pack 2/Sprites/Jump.png" type="Texture" id=7]
[ext_resource path="res://Enemies sprites/Mobs-20231018T130336Z-001/Mobs/Level 2/Last Boss/Medieval King Pack 2/Sprites/Take Hit.png" type="Texture" id=8]
[ext_resource path="res://Enemies sprites/Mobs-20231018T130336Z-001/Mobs/Level 2/Last Boss/Medieval King Pack 2/Sprites/Attack3.png" type="Texture" id=9]
[ext_resource path="res://Enemies sprites/Mobs-20231018T130336Z-001/Mobs/Level 2/Last Boss/Medieval King Pack 2/Sprites/Attack2.png" type="Texture" id=10]

[sub_resource type="AtlasTexture" id=1]
flags = 4
atlas = ExtResource( 6 )
region = Rect2( 0, 0, 160, 111 )

[sub_resource type="AtlasTexture" id=2]
flags = 4
atlas = ExtResource( 6 )
region = Rect2( 160, 0, 160, 111 )

[sub_resource type="AtlasTexture" id=3]
flags = 4
atlas = ExtResource( 6 )
region = Rect2( 320, 0, 160, 111 )

[sub_resource type="AtlasTexture" id=4]
flags = 4
atlas = ExtResource( 6 )
region = Rect2( 480, 0, 160, 111 )

[sub_resource type="AtlasTexture" id=5]
flags = 4
atlas = ExtResource( 6 )
region = Rect2( 640, 0, 160, 111 )

[sub_resource type="AtlasTexture" id=6]
flags = 4
atlas = ExtResource( 6 )
region = Rect2( 800, 0, 160, 111 )

[sub_resource type="AtlasTexture" id=7]
flags = 4
atlas = ExtResource( 4 )
region = Rect2( 0, 0, 160, 111 )

[sub_resource type="AtlasTexture" id=8]
flags = 4
atlas = ExtResource( 4 )
region = Rect2( 160, 0, 160, 111 )

[sub_resource type="AtlasTexture" id=9]
atlas = ExtResource( 5 )
region = Rect2( 0, 0, 160, 111 )

[sub_resource type="AtlasTexture" id=10]
atlas = ExtResource( 5 )
region = Rect2( 160, 0, 160, 111 )

[sub_resource type="AtlasTexture" id=11]
atlas = ExtResource( 5 )
region = Rect2( 320, 0, 160, 111 )

[sub_resource type="AtlasTexture" id=12]
atlas = ExtResource( 5 )
region = Rect2( 480, 0, 160, 111 )

[sub_resource type="AtlasTexture" id=13]
atlas = ExtResource( 5 )
region = Rect2( 640, 0, 160, 111 )

[sub_resource type="AtlasTexture" id=14]
atlas = ExtResource( 5 )
region = Rect2( 800, 0, 160, 111 )

[sub_resource type="AtlasTexture" id=15]
atlas = ExtResource( 5 )
region = Rect2( 960, 0, 160, 111 )

[sub_resource type="AtlasTexture" id=16]
atlas = ExtResource( 5 )
region = Rect2( 1120, 0, 160, 111 )

[sub_resource type="AtlasTexture" id=17]
flags = 4
atlas = ExtResource( 7 )
region = Rect2( 0, 0, 160, 111 )

[sub_resource type="AtlasTexture" id=18]
flags = 4
atlas = ExtResource( 7 )
region = Rect2( 160, 0, 160, 111 )

[sub_resource type="AtlasTexture" id=19]
flags = 4
atlas = ExtResource( 3 )
region = Rect2( 0, 0, 160, 111 )

[sub_resource type="AtlasTexture" id=20]
flags = 4
atlas = ExtResource( 3 )
region = Rect2( 160, 0, 160, 111 )

[sub_resource type="AtlasTexture" id=21]
flags = 4
atlas = ExtResource( 3 )
region = Rect2( 320, 0, 160, 111 )

[sub_resource type="AtlasTexture" id=22]
flags = 4
atlas = ExtResource( 3 )
region = Rect2( 480, 0, 160, 111 )

[sub_resource type="AtlasTexture" id=23]
flags = 4
atlas = ExtResource( 3 )
region = Rect2( 640, 0, 160, 111 )

[sub_resource type="AtlasTexture" id=24]
flags = 4
atlas = ExtResource( 3 )
region = Rect2( 800, 0, 160, 111 )

[sub_resource type="AtlasTexture" id=25]
flags = 4
atlas = ExtResource( 3 )
region = Rect2( 960, 0, 160, 111 )

[sub_resource type="AtlasTexture" id=26]
flags = 4
atlas = ExtResource( 3 )
region = Rect2( 1120, 0, 160, 111 )

[sub_resource type="AtlasTexture" id=27]
flags = 4
atlas = ExtResource( 2 )
region = Rect2( 0, 0, 160, 111 )

[sub_resource type="AtlasTexture" id=28]
flags = 4
atlas = ExtResource( 2 )
region = Rect2( 160, 0, 160, 111 )

[sub_resource type="AtlasTexture" id=29]
flags = 4
atlas = ExtResource( 2 )
region = Rect2( 320, 0, 160, 111 )

[sub_resource type="AtlasTexture" id=30]
flags = 4
atlas = ExtResource( 2 )
region = Rect2( 480, 0, 160, 111 )

[sub_resource type="AtlasTexture" id=31]
flags = 4
atlas = ExtResource( 1 )
region = Rect2( 0, 0, 160, 111 )

[sub_resource type="AtlasTexture" id=32]
flags = 4
atlas = ExtResource( 1 )
region = Rect2( 160, 0, 160, 111 )

[sub_resource type="AtlasTexture" id=33]
flags = 4
atlas = ExtResource( 1 )
region = Rect2( 320, 0, 160, 111 )

[sub_resource type="AtlasTexture" id=34]
flags = 4
atlas = ExtResource( 1 )
region = Rect2( 480, 0, 160, 111 )

[sub_resource type="AtlasTexture" id=35]
flags = 4
atlas = ExtResource( 10 )
region = Rect2( 0, 0, 160, 111 )

[sub_resource type="AtlasTexture" id=36]
flags = 4
atlas = ExtResource( 10 )
region = Rect2( 160, 0, 160, 111 )

[sub_resource type="AtlasTexture" id=37]
flags = 4
atlas = ExtResource( 10 )
region = Rect2( 320, 0, 160, 111 )

[sub_resource type="AtlasTexture" id=38]
flags = 4
atlas = ExtResource( 10 )
region = Rect2( 480, 0, 160, 111 )

[sub_resource type="AtlasTexture" id=39]
flags = 4
atlas = ExtResource( 9 )
region = Rect2( 0, 0, 160, 111 )

[sub_resource type="AtlasTexture" id=40]
flags = 4
atlas = ExtResource( 9 )
region = Rect2( 160, 0, 160, 111 )

[sub_resource type="AtlasTexture" id=41]
flags = 4
atlas = ExtResource( 9 )
region = Rect2( 320, 0, 160, 111 )

[sub_resource type="AtlasTexture" id=42]
flags = 4
atlas = ExtResource( 9 )
region = Rect2( 480, 0, 160, 111 )

[sub_resource type="AtlasTexture" id=43]
flags = 4
atlas = ExtResource( 8 )
region = Rect2( 0, 0, 160, 111 )

[sub_resource type="AtlasTexture" id=44]
flags = 4
atlas = ExtResource( 8 )
region = Rect2( 160, 0, 160, 111 )

[sub_resource type="AtlasTexture" id=45]
flags = 4
atlas = ExtResource( 8 )
region = Rect2( 320, 0, 160, 111 )

[sub_resource type="AtlasTexture" id=46]
flags = 4
atlas = ExtResource( 8 )
region = Rect2( 480, 0, 160, 111 )

[sub_resource type="SpriteFrames" id=47]
animations = [ {
"frames": [ SubResource( 1 ), SubResource( 2 ), SubResource( 3 ), SubResource( 4 ), SubResource( 5 ), SubResource( 6 ) ],
"loop": true,
"name": "Death",
"speed": 5.0
}, {
"frames": [ SubResource( 7 ), SubResource( 8 ) ],
"loop": true,
"name": "Fall",
"speed": 5.0
}, {
"frames": [ SubResource( 9 ), SubResource( 10 ), SubResource( 11 ), SubResource( 12 ), SubResource( 13 ), SubResource( 14 ), SubResource( 15 ), SubResource( 16 ) ],
"loop": true,
"name": "Idle",
"speed": 5.0
}, {
"frames": [ SubResource( 17 ), SubResource( 18 ) ],
"loop": true,
"name": "Jump",
"speed": 5.0
}, {
"frames": [ SubResource( 19 ), SubResource( 20 ), SubResource( 21 ), SubResource( 22 ), SubResource( 23 ), SubResource( 24 ), SubResource( 25 ), SubResource( 26 ) ],
"loop": true,
"name": "Run",
"speed": 5.0
}, {
"frames": [ SubResource( 27 ), SubResource( 28 ), SubResource( 29 ), SubResource( 30 ) ],
"loop": true,
"name": "Take_hit(idk)",
"speed": 5.0
}, {
"frames": [ SubResource( 31 ), SubResource( 32 ), SubResource( 33 ), SubResource( 34 ) ],
"loop": true,
"name": "attack1",
"speed": 5.0
}, {
"frames": [ SubResource( 35 ), SubResource( 36 ), SubResource( 37 ), SubResource( 38 ) ],
"loop": true,
"name": "attack2",
"speed": 5.0
}, {
"frames": [ SubResource( 39 ), SubResource( 40 ), SubResource( 41 ), SubResource( 42 ) ],
"loop": true,
"name": "attack3",
"speed": 5.0
}, {
"frames": [ SubResource( 43 ), SubResource( 44 ), SubResource( 45 ), SubResource( 46 ) ],
"loop": true,
"name": "take_hit",
"speed": 5.0
} ]

[sub_resource type="RectangleShape2D" id=48]
extents = Vector2( 10, 26 )

[node name="Final_boss" type="KinematicBody2D"]

[node name="AnimatedSprite" type="AnimatedSprite" parent="."]
position = Vector2( -4, -18 )
frames = SubResource( 47 )
animation = "Idle"
frame = 2
playing = true

[node name="CollisionShape2D" type="CollisionShape2D" parent="."]
position = Vector2( 0, 5 )
shape = SubResource( 48 )
